<?xml version="1.0" encoding="UTF-8"?><collection xmlns="http://www.loc.gov/MARC21/slim"><record><leader>00646nam--2200193-i-4500</leader><controlfield tag="001">000014255</controlfield><controlfield tag="002">20161230</controlfield><controlfield tag="005">20161230201030</controlfield><controlfield tag="008">060222s1000------------r-----000-0-eng-d</controlfield><datafield ind1=" " ind2=" " tag="020"><subfield code="a">0849337615</subfield></datafield><datafield ind1=" " ind2=" " tag="040"><subfield code="a">IFIN-HH</subfield></datafield><datafield ind1=" " ind2=" " tag="080"><subfield code="a">628.39(026):502.55(026):621.039.58/68</subfield></datafield><datafield ind1="1" ind2=" " tag="100"><subfield code="a">Klement,Alfredw</subfield></datafield><datafield ind1="1" ind2="0" tag="245"><subfield code="a">Crc handbook of environmental radiation</subfield><subfield code="b">Volume iii. crc handbook of environmental radiation</subfield><subfield code="c">Alfred w. klement (ed.)</subfield></datafield><datafield ind1=" " ind2=" " tag="260"><subfield code="a">Boca Raton, Florida</subfield><subfield code="b">Crc Press, Inc</subfield><subfield code="c">1982</subfield></datafield><datafield ind1=" " ind2=" " tag="300"><subfield code="a">475 P</subfield></datafield><datafield ind1=" " ind2=" " tag="490"><subfield code="a">Crc Series In Radiation Measurement And Protection</subfield></datafield><datafield ind1=" " ind2=" " tag="852"><subfield code="a">70474</subfield><subfield code="c">539.1.07:539.1.08</subfield></datafield><datafield ind1=" " ind2=" " tag="CAT"><subfield code="a">Sys</subfield><subfield code="c">20111031</subfield><subfield code="h">111959</subfield></datafield></record></collection>